@book{adams1995hitchhiker,
  title={The Hitchhiker's Guide to the Galaxy},
  author={Adams, D.},
  isbn={9781417642595},
  url={http://books.google.com/books?id=W-xMPgAACAAJ},
  year={1995},
  publisher={San Val}
}

@book{ExperimentalImplementationOfModelPredictiveControlForPermanentMagnetSynchronousMotor,
  title={Experimental Implementation of Model Predictive Control for Permanent Magnet Synchronous Motor },
  author={Abdelsalam A. Ahmed},
  isbn={0000000091950263},
  url={https://publications.waset.org/10001686/experimental-implementation-of-model-predictive-control-for-permanent-magnet-synchronous-motor},
  year={2015},
  publisher={waset}
}